<record><leader>00000cas a22000007a 4500</leader><controlfield tag="001">14233007</controlfield><controlfield tag="008">860918d19601960txudr ne      0    0eng d</controlfield><datafield ind1=" " ind2=" " tag="010"><subfield code="a">sn 86088989 </subfield></datafield><datafield ind1=" " ind2=" " tag="040"><subfield code="a">PPM</subfield><subfield code="b">eng</subfield><subfield code="c">PPM</subfield><subfield code="d">OCLCQ</subfield></datafield><datafield ind1=" " ind2=" " tag="042"><subfield code="a">msc</subfield></datafield><datafield ind1="0" ind2="4" tag="245"><subfield code="a">The Pecos daily enterprise.</subfield></datafield><datafield ind1=" " ind2=" " tag="260"><subfield code="a">Pecos, Tex. :</subfield><subfield code="b">Joe B. Pouns,</subfield><subfield code="c">1960-1960.</subfield></datafield><datafield ind1=" " ind2=" " tag="300"><subfield code="a">v. :</subfield><subfield code="b">ill.</subfield></datafield><datafield ind1=" " ind2=" " tag="310"><subfield code="a">Vol. 1, no. 1 (Jan. 24,</subfield><subfield code="b">1960)- v. 1, no. 113 (June 30, 1960)</subfield></datafield><datafield ind1=" " ind2=" " tag="752"><subfield code="a">United States</subfield><subfield code="b">Texas</subfield><subfield code="c">Reeves</subfield><subfield code="d">Pecos.</subfield></datafield><datafield ind1="0" ind2="0" tag="780"><subfield code="t">Pecos enterprise and gusher</subfield><subfield code="w">(DLC)sn 86089107</subfield></datafield><datafield ind1="0" ind2="0" tag="785"><subfield code="t">Pecos independent and enterprise</subfield><subfield code="w">(DLC)sn 86088991</subfield></datafield></record>